@article{jakortenmsc,
  title={Towards a Modular and Open Patient Simulator},
  author={Johan Korten},
  year={2018}
}

